@ARTICLE{Andreoni2003792,
author={Andreoni, J. and Payne, A.A.},
title={{Do Government Grants to Private Charities Crowd Out Giving or Fund-Raising?}},
journal={American Economic Review},
year={2003},
volume={93},
number={3},
pages={792-812},
}

@ARTICLE{Baum-Snow2009654,
author={Baum-Snow, N. and Marion, J.},
title={{The Effects of Low Income Housing Tax Credit Developments On Neighborhoods}},
journal={Journal of Public Economics},
year={2009},
volume={93},
number={5-6},
pages={654-666},
}

@ARTICLE{Berry1999189,
author={Berry, S.T. and Waldfogel, J.},
title={{Public radio in the United States: Does it correct market failure or cannibalize commercial stations?}},
journal={Journal of Public Economics},
year={1999},
volume={71},
number={2},
pages={189-211},
}

@ARTICLE{Brueckner2009725,
author={{Brueckner, J.K. and Rosenthal, S.S.},
title={Gentrification and Neighborhood housing Cycles: Will America's Future Downtowns Be Rich?}},
journal={Review of Economics and Statistics},
year={2009},
volume={91},
number={4},
pages={725-743},
}

@ARTICLE{NoAuthor2006,
year={2006},
}

@ARTICLE{Cameron2005,
author={Cameron, A.C. and Trivedi, P.K.},
journal={Microeconometrics: Methods and Applications},
year={2005},
}

@ARTICLE{Cutler1996391,
author={Cutler, D.M. and Gruber, J.},
title={Does public insurance crowd out private insurance?},
journal={Quarterly Journal of Economics},
year={1996},
volume={111},
number={2},
pages={391-430},
}

@ARTICLE{Currie200099,
author={Currie, J. and Yelowitz, A.},
title={Are public housing projects good for kids?},
journal={Journal of Public Economics},
year={2000},
volume={75},
number={1},
pages={99-124},
}

@ARTICLE{Cummings1999257,
author={Cummings, J. and DiPasquale, D.},
title={The low-income housing tax credit: The first ten years},
journal={Housing Policy Debate},
year={1999},
volume={10},
number={2},
}

@ARTICLE{DiPasquale19999,
author={DiPasquale, D.},
title={Why Don't We Know More about Housing Supply?},
journal={Journal of Real Estate Finance and Economics},
year={1999},
volume={18},
number={1},
pages={9-23},
}

@ARTICLE{DiPasquale1992337,
author={DiPasquale, D. and Wheaton, W.C.},
title={The cost of capital, tax reform, and the future of the rental housing market},
journal={Journal of Urban Economics},
year={1992},
volume={31},
number={3},
pages={337-359},
}

@ARTICLE{DiPasquale19941,
author={DiPasquale, D. and Wheaton, W.C.},
title={Housing market dynamics and the future of housing prices},
journal={Journal of Urban Economics},
year={1994},
volume={35},
number={1},
pages={1-27},
}

@ARTICLE{Eriksen2009141,
author={Eriksen, M.D.},
title={The market price of Low-Income Housing Tax Credits},
journal={Journal of Urban Economics},
year={2009},
volume={66},
number={2},
pages={141-149},
}

@ARTICLE{Glaeser2005345,
author={Glaeser, E.L. and Gyourko, J.},
title={Urban decline and durable housing},
journal={Journal of Political Economy},
year={2005},
volume={113},
number={2},
pages={345-375},
}

@ARTICLE{Hanushek1980449,
author={Hanushek, E.A. and Quigley, J.M.},
title={What is the price elasticity of housing demand?},
journal={Review of Economics and Statistics},
year={1980},
volume={62},
number={3},
}

@ARTICLE{Jacob2004233,
author={Jacob, B.A.},
title={Public housing, housing vouchers, and student achievement: Evidence from public housing demolitions in Chicago},
journal={American Economic Review},
year={2004},
volume={94},
number={1},
pages={233-258},
}

@ARTICLE{Jencks1990111,
author={Jencks, C. and Mayer, S.E.},
title={The social consequences of growing up in a poor neighborhood},
journal={Inner-City Poverty in the United States},
year={1990},
pages={111-186},
}

@ARTICLE{Malpezzi2002360,
author={Malpezzi, S. and Vandell, K.},
title={Does the low-income housing tax credit increase the supply housing?},
journal={Journal of Housing Economics},
year={2002},
volume={11},
number={4},
pages={360-380},
}

@ARTICLE{Mayer200085,
author={Mayer, C.J. and Somerville, C.T.},
title={Residential Construction: Using the Urban Growth Model to Estimate Housing Supply},
journal={Journal of Urban Economics},
year={2000},
volume={48},
number={1},
pages={85-109},
}

@ARTICLE{Murray1983590,
author={Murray, M.P.},
title={Subsidized and unsubsidized housing starts: 1961-1977},
journal={Review of Economics and Statistics},
year={1983},
volume={65},
number={4},
pages={590-597},
}

@ARTICLE{Murray1999107,
author={Murray, M.P.},
title={Subsidized and Unsubsidized Housing Stocks 1935 to 1987: Crowding out and Cointegration},
journal={Journal of Real Estate Finance and Economics},
year={1999},
volume={18},
number={1},
pages={107-124},
}

@ARTICLE{Murray2006111,
author={Murray, M.P.},
title={Avoiding invalid instruments and coping with weak instruments},
journal={Journal of Economic Perspectives},
year={2006},
volume={20},
number={4},
pages={111-132},
}

@ARTICLE{Olsen2003365,
author={Olsen, E.O.},
title={Housing programs for low-income households},
journal={Means-Tested Transfer Programs in the United States},
year={2003},
pages={365-442},
}

@ARTICLE{Olsen2007618,
author={Olsen, E.},
title={A review of a primer on U.S. housing markets and housing policies},
journal={Reg. Sci. Urban Econ.},
year={2007},
volume={37},
pages={618-624},
}

@ARTICLE{Rosen19791,
author={Rosen, H.S.},
title={Housing decisions and the U.S. income tax. An econometric analysis},
journal={Journal of Public Economics},
year={1979},
volume={11},
number={1},
pages={1-23},
}

@ARTICLE{Rosenthal199148,
author={Rosenthal, S.S. and Duca, J.V. and Gabriel, S.A.},
title={Credit rationing and the demand for owner-occupied housing},
journal={Journal of Urban Economics},
year={1991},
volume={30},
number={1},
pages={48-63},
}

@ARTICLE{Rosenthal1994182,
author={Rosenthal, S.S. and Helsley, R.W.},
title={Redevelopment and the urban land price gradient},
journal={Journal of Urban Economics},
year={1994},
volume={35},
number={2},
pages={182-200},
}

@ARTICLE{Rosenthal19995,
author={Rosenthal, S.S.},
title={Housing supply: The other half of the market},
journal={Journal of Real Estate Finance and Economics},
year={1999},
volume={18},
number={1},
pages={5-7},
}

@ARTICLE{Sinai20052137,
author={Sinai, T. and Waldfogel, J.},
title={Do low-income housing subsidies increase the occupied housing stock?},
journal={Journal of Public Economics},
year={2005},
volume={89},
number={11-12},
pages={2137-2164},
}

@BOOK{Stock200580,
author={Stock, J.H. and Yogo, M.},
title={Testing for weak instruments in Linear Iv regression},
journal={Identification and Inference for Econometric Models: Essays in Honor of Thomas Rothenberg},
year={2005},
pages={80-108},
}

@ARTICLE{Topel1988718,
author={Topel, R. and Rosen, S.},
title={Housing investment in the United States},
journal={Journal of Political Economy},
year={1988},
volume={96},
number={4},
pages={718-740},
}

@ARTICLE{NoAuthor1987,
journal={General Explanation of the Tax Reform Act of 1986. 100th Congress, 1st Session, 152},
year={1987},
}

@ARTICLE{NoAuthor2005,
journal={Committee Prints, 109th Congress, Estimates of Federal Tax Expenditures for Fiscal Years 2005-2009, JCS-1-05},
year={2005},
}

@ARTICLE{Wallace1995785,
author={Wallace, J.E.},
title={Financing Affordable Housing in the United States},
journal={Housing Policy Debate},
year={1995},
volume={6},
number={4},
pages={785-814},
}